<record><leader>00000cas a22000007a 4500</leader><controlfield tag="001">10767022</controlfield><controlfield tag="008">840523d19481993orudn ne      0   a0eng d</controlfield><datafield ind1=" " ind2=" " tag="010"><subfield code="a">sn 84007388 </subfield></datafield><datafield ind1=" " ind2=" " tag="040"><subfield code="a">NSD</subfield><subfield code="b">eng</subfield><subfield code="c">NSD</subfield><subfield code="d">DLC</subfield><subfield code="d">OCL</subfield><subfield code="d">NSD</subfield><subfield code="d">OCL</subfield><subfield code="d">NSD</subfield><subfield code="d">ORU</subfield><subfield code="d">OCLCQ</subfield><subfield code="d">OCLCF</subfield><subfield code="d">OCLCO</subfield></datafield><datafield ind1=" " ind2=" " tag="012"><subfield code="j">1</subfield><subfield code="m">1</subfield></datafield><datafield ind1="1" ind2=" " tag="022"><subfield code="a">0747-3443</subfield><subfield code="l">0747-3443</subfield><subfield code="2">1</subfield></datafield><datafield ind1="1" ind2=" " tag="029"><subfield code="a">AU@</subfield><subfield code="b">000020336025</subfield></datafield><datafield ind1="1" ind2=" " tag="029"><subfield code="a">NZ1</subfield><subfield code="b">16074319</subfield></datafield><datafield ind1=" " ind2=" " tag="032"><subfield code="a">147800</subfield><subfield code="b">USPS</subfield></datafield><datafield ind1=" " ind2=" " tag="042"><subfield code="a">nsdp</subfield><subfield code="a">msc</subfield></datafield><datafield ind1=" " ind2=" " tag="043"><subfield code="a">n-us-or</subfield></datafield><datafield ind1="0" ind2="0" tag="050"><subfield code="a">Newspaper 9356</subfield></datafield><datafield ind1=" " ind2="4" tag="222"><subfield code="a">The Dalles chronicle</subfield></datafield><datafield ind1="0" ind2="4" tag="245"><subfield code="a">The Dalles chronicle.</subfield></datafield><datafield ind1="1" ind2="3" tag="246"><subfield code="a">Chronicle</subfield></datafield><datafield ind1="1" ind2="7" tag="246"><subfield code="a">Dalles daily chronicle</subfield><subfield code="f">&lt;May 24, 1948-&gt;</subfield></datafield><datafield ind1=" " ind2=" " tag="260"><subfield code="a">The Dalles, Or. :</subfield><subfield code="b">V.J. Morgan,</subfield><subfield code="c">-1993.</subfield></datafield><datafield ind1=" " ind2=" " tag="300"><subfield code="a">v. :</subfield><subfield code="b">ill. ;</subfield><subfield code="c">58 cm.</subfield></datafield><datafield ind1=" " ind2=" " tag="310"><subfield code="a">Daily (except Sat.)</subfield></datafield><datafield ind1="1" ind2=" " tag="362"><subfield code="a">Began in Apr. 1948?</subfield><subfield code="z">Cf. Newspapers in microform, 1948-1983.</subfield></datafield><datafield ind1="0" ind2=" " tag="362"><subfield code="a">-Dec. 3, 1993.</subfield></datafield><datafield ind1=" " ind2=" " tag="500"><subfield code="a">Sunday ed. published as: The Chronicle, &lt;-July 1950&gt;</subfield></datafield><datafield ind1=" " ind2=" " tag="500"><subfield code="a">60th anniversary edition published on July 7, 1950.</subfield></datafield><datafield ind1=" " ind2=" " tag="530"><subfield code="a">Also issued on microfilm from Micro Photo Div., Bell &amp; Howell; and: University of Oregon.</subfield></datafield><datafield ind1=" " ind2=" " tag="588"><subfield code="a">Description based on: Vol. 115, no. 122 (May 24, 1948).</subfield></datafield><datafield ind1=" " ind2="0" tag="651"><subfield code="a">Dalles (Or.)</subfield><subfield code="v">Newspapers.</subfield></datafield><datafield ind1=" " ind2="7" tag="655"><subfield code="a">Newspapers.</subfield><subfield code="2">fast</subfield><subfield code="0">(OCoLC)fst01423814</subfield></datafield><datafield ind1=" " ind2="7" tag="651"><subfield code="a">Oregon</subfield><subfield code="z">Dalles.</subfield><subfield code="2">fast</subfield><subfield code="0">(OCoLC)fst01218827</subfield></datafield><datafield ind1=" " ind2=" " tag="752"><subfield code="a">United States</subfield><subfield code="b">Oregon</subfield><subfield code="c">Wasco</subfield><subfield code="d">Dalles.</subfield></datafield><datafield ind1="0" ind2="0" tag="780"><subfield code="t">Dalles daily chronicle</subfield><subfield code="w">(DLC)sn 85042448</subfield><subfield code="w">(OCoLC)12430487</subfield></datafield><datafield ind1="0" ind2="0" tag="785"><subfield code="t">Dalles daily chronicle (Dalles, Or. : 1993)</subfield><subfield code="w">(DLC)  2003260220</subfield><subfield code="w">(OCoLC)52370915</subfield></datafield></record>